@misc{grsecTPE,
      howpublished = {\url{http://wiki.gentoo.org/wiki/Hardened/Grsecurity_Trusted_Path_Execution}},
      note = {Accessed Sep 2, 2014},
      title = "Hardened\/Grsecurity Trusted Path Execution",
      author = {Francisco Blas Izquierdo Riera}
}

@misc{usenixTPE,
      howpublished = {\url{https://www.usenix.org/legacy/events/usenix04/tech/freenix/full_papers/rahimi/rahimi_html/}},
      note = {Accessed Sep 2, 2014},
      title = "Trusted Path Execution for the Linux 2.6 Kernel as a Linux Security Module",
      author = {Niki A. Rahimi}
}

@misc{lkmfaqTPE,
      howpublished = {\url{https://github.com/cormander/tpe-lkm/blob/master/FAQ}},
      note = {Accessed Sep 2, 2014},
      title = "Trusted Path Execution Linux Kernel Module FAQ",
      author = {Corey Henderson}
}

@misc{lkmTPE,
      howpublished = {\url{https://github.com/cormander/tpe-lkm/}},
      note = {Accessed Sep 2, 2014},
      title = "Trusted Path Execution Linux Kernel Module",
      author = {Corey Henderson}
}

@misc{grsecTPEcode,
      howpublished = {\url{https://github.com/ncopa/linux-stable-grsec/blob/5f12d03978dee3de26cd27657f7aac60dacf780d/grsecurity/grsec_tpe.c}},
      note = {Accessed Sep 2, 2014},
      title = "grsec\_tpe.c",
      author = {ncopa}
}